@BOOK {Lectures2018,
	author = "Collomosse, Dr John",
	title = {{EEE3032: Computer Vision and Pattern Recognition - Lecture Notes}},
	year = "2018",
}

@ONLINE {cvprCode2018,
	author = "Collomosse, Dr John",
	title = {{EEE3032: Computer Vision and Pattern Recognition - Skeleton Code and Lab Code for course instruction}},
	year = "2018",
}

@ONLINE {polamuri2015,
	publisher = {{Dataaspirant}},
	author = "Polamuri, Saimadhu",
	title = {{FIVE MOST POPULAR SIMILARITY MEASURES IMPLEMENTATION IN PYTHON}},
	year = "2015",
	url = "http://dataaspirant.com/2015/04/11/five-most-popular-similarity-measures-implementation-in-python/"
}

@ONLINE{ng2018,
	publisher = "Stanford University via Coursera",
	author = "Ng, Andrew",
	title = {{Machine Learning - Week 6 Lecture Slides - Lecture 11.4: Trading off Precision and Recall}},
	year = "2018",
	url = "https://www.coursera.org/learn/machine-learning/home/week/6"
}

@ONLINE{dataschool,
	publisher = "Dataschool",
	author = "Dataschool",
	title = {{Simple guide to confusion matrix terminology}},
	year = "2014",
	url = "https://www.dataschool.io/simple-guide-to-confusion-matrix-terminology/"
}

@PHDTHESIS{hertz2006,
	publisher = "The Hebrew University of Jerusalem",
	author = "Hertz, Tomer",
	title = {{Learning Distance Functions: Algorithms and Applications}},
	year = "2006",
	url = "http://www.cs.huji.ac.il/~daphna/theses/Tomer_Hertz_2006.pdf"
}

@ARTICLE{digesu1999,
	publisher = "Elsevier",
	publication = "Pattern Recognition Letters",
	author = "Di Gesu, Vito; Starovoitov, Valery",
	title = {{Distance-based functions for image comparison}},
	year = "1999",
	url = "http://uiip.bas-net.by/structure/l_ori/starovoitov/Starovoitov_Publication_section/4-Distance-Based%20Functions%20for%20Image%20Comparison-Starovoitov99.pdf",
	volume = "20",
	pages = "207 - 214"
}