%%%%%%%%%%%%%%%%%%%%%%%%%%%%%%%%%%%%%%%%%%%%%%%%%%%%%%
% Web references: created with online tool https://truben.no/latex/bibtex/#
%%%%%%%%%%%%%%%%%%%%%%%%%%%%%%%%%%%%%%%%%%%%%%%%%%%%%%
@ONLINE {Das2017cnn,
    title  = "CNN Architectures: LeNet, AlexNet, VGG, GoogLeNet, ResNet, and more....",
    year   = "2017",
    url    = "https://medium.com/@sidereal/cnns-architectures-lenet-alexnet-vgg-googlenet-resnet-and-more-666091488df5"
}
@ONLINE {DataTurksAug2018,
    title  = "Understanding SVMs: For Image Classification",
    year   = "2018",
    url    = "https://medium.com/@dataturks/understanding-svms-for-image-classification-cf4f01232700"
}
@ONLINE {EarthExplorer,
    title  = "USGS - EarthExplorer",
    year   = "2019",
    url    = "https://earthexplorer.usgs.gov/?"
}
@ONLINE {Landsat,
    title  = "USGS - Landsat",
    url    = "https://www.usgs.gov/land-resources/nli/landsat/landsat-collections?qt-science_support_page_related_con=2#qt-science_support_page_related_con"
}
@BOOK {Landsat8dfcb,
    title  = "LANDSAT 8 (L8) LEVEL 1 (L1) DATA FORMAT CONTROL BOOK (DFCB) v11.0",
    publisher = "Department of the Interior - U.S. Geological Survey (USGS)",
    year = "2017"
}
@BOOK {LandsatC1L1,
    title  = "LANDSAT COLLECTION 1 LEVEL 1 PRODUCT DEFINITION v2.0",
    publisher = "Department of the Interior - U.S. Geological Survey (USGS)",
    year = "2019"
}
@ONLINE {pixalytics,
    author = "Lavender, Andrew",
    title  = "Differences Between Optical and Radar Satellite Data",
    year   = "2016",
    url    = "https://www.pixalytics.com/optical-vs-radar/"
}
@ONLINE {sentinel1,
    author = "ESA",
    title  = "User Guides - Sentinel-1 SAR - Sentinel Online",
    year   = "2019",
    url    = "https://sentinel.esa.int/web/sentinel/user-guides/sentinel-1-sar"
}
@ONLINE {sentinel2,
    author = "ESA",
    title  = "User Guides - Sentinel-2 MSI - Sentinel Online",
    year   = "2019",
    url    = "https://sentinel.esa.int/web/sentinel/user-guides/sentinel-2-msi"
}
@ONLINE {snap,
    author = "ESA",
    title  = "User Guides - Sentinel Application Platform (SNAP)",
    url    = "http://step.esa.int/main/doc/"
}

@ONLINE {spot,
    author = "ESA",
    title  = "User Guides - Sentinel-2 MSI - Sentinel Online",
    year   = "2019",
    url    = "https://earth.esa.int/web/guest/missions/3rd-party-missions/current-missions/spot"
}
@ONLINE {towardsDataScience2018,
    author = "Seif, George",
    title  = "Deep Learning for Image Recognition: why it’s challenging, where we’ve been, and what’s next",
    year   = "2018",
    url    = "https://towardsdatascience.com/deep-learning-for-image-classification-why-its-challenging-where-we-ve-been-and-what-s-next-93b56948fcef"
}
%%%%%%%%%%%%%%%%%%%%%%%%%%%%%%%%%%%%%%%%%%%%%%%%%%%%%%
% Textbook references:
%%%%%%%%%%%%%%%%%%%%%%%%%%%%%%%%%%%%%%%%%%%%%%%%%%%%%%
@BOOK {Bonaccorso2017,
    author    = "Bonaccorso, Giuseppe",
    title     = "Machine Learning Algorithms",
    publisher = "Packt",
    year      = "2017",
    edition   = "first"
}
@BOOK {Brooker2015,
    author    = "Graham Brooker",
    title     = "Introduction to Sensors for Ranging and Imaging",
    publisher = "Scitech Publishing",
    year      = "2015",
    edition   = "second"
}
@BOOK {Elachi2006,
    author    = {Elachi, Charles and van Zyl, Jacob},
    title     = "Introduction to the Physics and Techniques of Remote Sensing",
    publisher = "Wiley",
    year      = "2006",
    edition   = "second",
    month     = "jan"
}
@BOOK {Forsyth2012,
    author    = "Forsyth, David A. and Ponce, Jean",
    title     = "Computer Vision: A Modern Approach",
    publisher = "Pearson",
    year      = "2012",
    edition   = "second"
}
@book{Goodfellow2016,
    title={Deep Learning},
    author={Ian Goodfellow and Yoshua Bengio and Aaron Courville},
    publisher={MIT Press},
    note={\url{http://www.deeplearningbook.org}},
    year={2016}
}
@BOOK {Kalin2018,
    author    = "Kalin, Josh",
    title     = "Generative Adversarial Networks Cookbook",
    publisher = "Packt",
    year      = "2018"
}
@BOOK {Lillesand2003,
    author    = "Lillesand, Thomas M. and Kiefer, Ralph W. and Chipman, Jonathan W.",
    title     = "Remote Sensing and Image Interpretation",
    publisher = "Wiley",
    year      = "2004",
    edition   = "fifth"
}
@BOOK {Nielsen2015,
    author    = "Nielsen, Michael A.",
    title     = "Neural Networks and Deep Learning",
    publisher = "Determination Press",
    year      = "2015"
}
@BOOK {Nixon2012,
    author    = "Nixon, Mark S. and Aguado, Alberto S",
    title     = "Feature Extraction and Image Processing for Computer Vision",
    publisher = "Academic Press - Elsevier Ltd.",
    year      = "2012",
    edition   = "third"
}
@BOOK {Russell2003,
    author    = "Russell, Stuart and Norvig, Peter",
    title     = "Artificial Intelligence: A Modern Approach",
    publisher = "Prentice Hall",
    year      = "2003",
    edition   = "second"
}
%%%%%%%%%%%%%%%%%%%%%%%%%%%%%%%%%%%%%%%%%%%%%%%%%%%%%%
% University course references:
%%%%%%%%%%%%%%%%%%%%%%%%%%%%%%%%%%%%%%%%%%%%%%%%%%%%%%
@ONLINE {cs221,
    author = "Piech, Chris",
    publisher = "Stanford University",
    title  = "CS221: Artificial Intelligence: Principles and Techniques - Course Handouts",
    year   = "2013",
    url    = "http://stanford.edu/~cpiech/cs221/handouts/kmeans.html",
    note   = "Based on handouts by Andrew Ng"
}
@ONLINE {eee3032,
    author = "Collomosse, John",
	title = {{EEE3032: Computer Vision and Pattern Recognition - Lecture Notes}},
	year = "2018",
    publisher = "University of Surrey"
}
@ONLINE {eeem033,
    author = "Guida, Raffaella",
	title = {{EEEM033: Satellite Remote Sensing - Lecture Notes}},
	year = "2018",
    publisher = "University of Surrey"
}
@ONLINE {eeem063,
    author = "Collomosse, John",
	title = {{EEEM063: Image Processing and Deep Learning - Lecture Notes}},
	year = "2019",
    publisher = "University of Surrey"
}
@ONLINE {mit6s191L4,
    author = "Courville, Aaron and et al.",
	title = {{MIT 6.S191: Introduction to Deep Learning - Lecture 4 Deep Generative Modeling}},
	year = "2018",
    publisher = "Massacheusetts Institute of Technology",
    url = "https://www.youtube.com/watch?v=JVb54xhEw6Y"
}
@ONLINE {mit6s191L9,
    author = "Kautz, Jan",
	title = {{MIT 6.S191: Introduction to Deep Learning - Lecture 9 Image Domain Transfer}},
	year = "2019",
    publisher = "Massacheusetts Institute of Technology",
    url = "https://www.youtube.com/watch?v=_MzaThb_jno"
}
%%%%%%%%%%%%%%%%%%%%%%%%%%%%%%%%%%%%%%%%%%%%%%%%%%%%%%
% LANDMARK PAPERS
%%%%%%%%%%%%%%%%%%%%%%%%%%%%%%%%%%%%%%%%%%%%%%%%%%%%%%
@article{AlexNet,
	author = {Krizhevsky, Alex and Sutskever, Ilya and Hinton, Geoffrey E.},
	year = {2015},
	month = {06},
	pages = {29-33},
	title = {Early detection of melanoma using multispectral imaging and artificial intelligence techniques},
	volume = {Vol. 3},
	journal = {American Journal of Biomedical and Life Sciences. Special Issue: Spectral Imaging for Medical Diagnosis "Modern Tool for Molecular Imaging"},
	doi = {10.11648/j.ajbls.s.2015030203.16}
}
@inproceedings{GoogLeNet,
	title	= {Going Deeper with Convolutions},
	author	= {Christian Szegedy and Wei Liu and Yangqing Jia and Pierre Sermanet and Scott Reed and Dragomir Anguelov and Dumitru Erhan and Vincent Vanhoucke and Andrew Rabinovich},
	year	= {2015},
	URL	= {http://arxiv.org/abs/1409.4842},
	booktitle	= {Computer Vision and Pattern Recognition (CVPR)}
}
@article{Ibraheem2015,
	author = {Ibraheem, Issa},
	year = {2015},
	month = {06},
	pages = {29-33},
	title = {Early detection of melanoma using multispectral imaging and artificial intelligence techniques},
	volume = {Vol. 3},
	journal = {American Journal of Biomedical and Life Sciences. Special Issue: Spectral Imaging for Medical Diagnosis "Modern Tool for Molecular Imaging"},
	doi = {10.11648/j.ajbls.s.2015030203.16}
}
@article{LeCun2015,
	author = {LeCun, Yann and Bengio, Yoshua and Hinton, Geoffrey},
	title = {{Deep Learning}},
	year = {2015}
}
@article{LeCun1998,
	author = {LeCun, Yann and Bottou, Leon and Bengio, Yoshua and Haffner, Patrick},
	title = {{Gradient-Based Learning Applied to Document Recognition}},
	year = {1998}
}
@inproceedings{CycleGAN2017,
  title={Unpaired Image-to-Image Translation using Cycle-Consistent Adversarial Networks},
  author={Zhu, Jun-Yan and Park, Taesung and Isola, Phillip and Efros, Alexei A},
  booktitle={Computer Vision (ICCV), 2017 IEEE International Conference on},
  year={2017}
}
@inproceedings{Shmelkov2018,
	author   = {Shmelkov, Konstantin and Schmid, Cordelia and Alahari, Karteek},
	title    = {{How good is my GAN?}},
	year     = {2018},
	booktitle = {ECCV2018}
}
@article{Lucic2018,
	author = {Lucic, Mario and Kurach, Karol and Michalski, Marcin and Bousquet, Olivier and Gelly, Sylvain},
	title = {{Are gANs Created Equal? A Large-Scale Study}},
	year = {2018}
}